@inproceedings{geometryBST,
  title={The geometry of binary search trees},
  author={Demaine, Erik D and Harmon, Dion and Iacono, John and Kane, Daniel and P{\u{a}}tra{\c{s}}cu, Mihai},
  booktitle={Proceedings of the twentieth Annual ACM-SIAM Symposium on Discrete Algorithms},
  pages={496--505},
  year={2009},
  organization={Society for Industrial and Applied Mathematics}
}
@article{SplayTrees,
 author = {Sleator, Daniel Dominic and Tarjan, Robert Endre},
 title = {Self-adjusting Binary Search Trees},
 journal = {J. ACM},
 issue_date = {July 1985},
 volume = {32},
 number = {3},
 month = jul,
 year = {1985},
 issn = {0004-5411},
 pages = {652--686},
 numpages = {35},
 url = {http://doi.acm.org/10.1145/3828.3835},
 doi = {10.1145/3828.3835},
 acmid = {3835},
 publisher = {ACM},
 address = {New York, NY, USA},
} 
